<collection xmlns="http://www.loc.gov/MARC21/slim">
   <record>
      <leader>02609cam a2200361 a 4500</leader>
      <controlfield tag="001">6803452</controlfield>
      <controlfield tag="003">OCoLC</controlfield>
      <controlfield tag="005">20150123131725.0</controlfield>
      <controlfield tag="008">140807s2015    caua          000 0 eng d</controlfield>
      <datafield ind1=" " ind2=" " tag="020">
         <subfield code="a">148337176X</subfield>
         <subfield code="q">pbk</subfield>
      </datafield>
      <datafield ind1=" " ind2=" " tag="020">
         <subfield code="a">9781483371764</subfield>
         <subfield code="q">pbk</subfield>
      </datafield>
      <datafield ind1=" " ind2=" " tag="035">
         <subfield code="a">ocn885472510</subfield>
      </datafield>
      <datafield ind1=" " ind2=" " tag="040">
         <subfield code="a">YDXCP</subfield>
         <subfield code="b">eng</subfield>
         <subfield code="c">YDXCP</subfield>
         <subfield code="d">BTCTA</subfield>
         <subfield code="d">BDX</subfield>
         <subfield code="d">CDX</subfield>
         <subfield code="d">OCLCQ</subfield>
         <subfield code="d">VMC</subfield>
         <subfield code="d">UAB</subfield>
         <subfield code="d">AEU</subfield>
      </datafield>
      <datafield ind1=" " ind2="4" tag="050">
         <subfield code="a">LB1027</subfield>
         <subfield code="b">.C87 2015</subfield>
      </datafield>
      <datafield ind1="0" ind2="4" tag="082">
         <subfield code="a">371.2</subfield>
         <subfield code="2">23</subfield>
      </datafield>
      <datafield ind1=" " ind2=" " tag="090">
         <subfield code="a">LB 1027 C877 2015</subfield>
         <subfield code="b">AEU</subfield>
      </datafield>
      <datafield ind1="1" ind2=" " tag="100">
         <subfield code="a">Currie, Brad.</subfield>
         <subfield code="0">http://id.loc.gov/authorities/names/no2014168566</subfield>
         <subfield code="0">http://viaf.org/viaf/313295317</subfield>
      </datafield>
      <datafield ind1="1" ind2="0" tag="245">
         <subfield code="a">All hands on deck :</subfield>
         <subfield code="b">tools for connecting educators, parents, and communities /</subfield>
         <subfield code="c">Brad Currie.</subfield>
      </datafield>
      <datafield ind1=" " ind2=" " tag="260">
         <subfield code="a">Thousand Oaks, Calif. :</subfield>
         <subfield code="b">Corwin,</subfield>
         <subfield code="c">c2015.</subfield>
      </datafield>
      <datafield ind1=" " ind2=" " tag="300">
         <subfield code="a">x, 61 pages :</subfield>
         <subfield code="b">illustrations ;</subfield>
         <subfield code="c">22 cm.</subfield>
      </datafield>
      <datafield ind1=" " ind2=" " tag="336">
         <subfield code="a">text</subfield>
         <subfield code="b">txt</subfield>
         <subfield code="2">rdacontent</subfield>
         <subfield code="0">http://id.loc.gov/vocabulary/contentTypes/txt</subfield>
      </datafield>
      <datafield ind1=" " ind2=" " tag="337">
         <subfield code="a">unmediated</subfield>
         <subfield code="b">n</subfield>
         <subfield code="2">rdamedia</subfield>
         <subfield code="0">http://id.loc.gov/vocabulary/mediaTypes/n</subfield>
      </datafield>
      <datafield ind1=" " ind2=" " tag="338">
         <subfield code="a">volume</subfield>
         <subfield code="b">nc</subfield>
         <subfield code="2">rdacarrier</subfield>
         <subfield code="0">http://id.loc.gov/vocabulary/carriers/nc</subfield>
      </datafield>
      <datafield ind1="1" ind2=" " tag="490">
         <subfield code="a">Corwin connected educators series</subfield>
      </datafield>
      <datafield ind1="0" ind2=" " tag="505">
         <subfield code="a">Preface -- About the Author -- 1. The Importance of Parent and Community Engagement -- 2. Tools of the Trade -- 3. Tell Your Story -- 4. Parent Engagement -- 5. Community Engagement in the School Setting -- 6. What's best for the Kids.</subfield>
      </datafield>
      <datafield ind1=" " ind2=" " tag="520">
         <subfield code="a">Bring stakeholders together for involvement that makes a difference! The Corwin Connected Educators series is your key to unlocking the greatest resource available to all educators: other educators. Using social media and web tools, you'll learn and collaborate with one another in new ways. These brief books feature strategies to use immediately, and the series website lets you connect with authors and access additional resources. Leaders will learn how smartphones and tablets can work for your goals ; the secret to getting -- and keeping -- parents involved -- how tools like Skype can connect the community at large. Being a Connected Educator is more than a set of actions: it's a belief in the potential of technology to fuel lifelong learning.</subfield>
      </datafield>
      <datafield ind1=" " ind2=" " tag="596">
         <subfield code="a">41</subfield>
      </datafield>
      <datafield ind1=" " ind2="0" tag="650">
         <subfield code="a">Educational innovations.</subfield>
         <subfield code="0">http://id.loc.gov/authorities/subjects/sh85041127</subfield>
      </datafield>
      <datafield ind1=" " ind2=" " tag="758">
         <subfield code="0">http://worldcat.org/entity/work/id/1881930888</subfield>
      </datafield>
      <datafield ind1="0" ind2=" " tag="787">
         <subfield code="n">OCLC Work Id</subfield>
         <subfield code="o">http://worldcat.org/entity/work/id/1881930888</subfield>
      </datafield>
      <datafield ind1=" " ind2="0" tag="830">
         <subfield code="a">Corwin connected educators series.</subfield>
         <subfield code="0">http://id.loc.gov/authorities/names/no2014131250</subfield>
      </datafield>
      <datafield ind1=" " ind2=" " tag="949">
         <subfield code="a">LB 1027 C877 2015</subfield>
         <subfield code="c">1</subfield>
         <subfield code="h">UAED-B</subfield>
         <subfield code="i">0162035236338</subfield>
      </datafield>
      <datafield ind1=" " ind2=" " tag="926">
         <subfield code="a">LB 1027 C877 2015</subfield>
         <subfield code="w">LC</subfield>
         <subfield code="c">1</subfield>
         <subfield code="i">0162035236338</subfield>
         <subfield code="d">4/20/2016</subfield>
         <subfield code="e">4/3/2016</subfield>
         <subfield code="l">FLOOR_2</subfield>
         <subfield code="m">UAEDUC</subfield>
         <subfield code="n">1</subfield>
         <subfield code="p">$150.00</subfield>
         <subfield code="r">Y</subfield>
         <subfield code="s">Y</subfield>
         <subfield code="t">BOOK</subfield>
         <subfield code="u">2/11/2015</subfield>
      </datafield>
   </record>
</collection>
